@misc{website:topic,
  author = {Write the author of the webpage},
  title = {Write the title of what they wrote},
  year = {Write the year the page was published},
  note = {Write the date that you accessed the page},
  url = {Write the webpage url}
}

@book{book:author,
  title = {Write the title of the book here},
  author = {Write the author of the book here},
  publisher = {Write the publisher of the book here},
  year = {Write the year the book was published},
  page = {If you cite a particular page number, or several pages, include them here}
 }
 
@book{book:lay,
  title = {Linear Algebra and Its Applications},
  author = {David Lay, Steven Lay, Judy McDonald},
  edition = {5},
  pages = {97--111},
  year = {2016},
  publisher = {Pearson}
}